date,quantity,selling_price,cost_price,customer_age,total,revenue,total_rev
2013-12-31,103,215,57,62,720,158,460
2014-12-31,1,2000,1100,16,2000,900,900
2015-12-31,17,830,340,47,2230,490,1610
2016-12-31,4,3750,1950,45,5750,1800,2300
2017-12-31,38,780,610,59,2850,170,875
2018-12-31,5,5025,3900,96,6025,1125,1275
2019-12-31,1,8275,6555,32,8275,1720,1720
2020-12-31,8,12325,9500,49,14275,2825,3275
2021-12-31,100,110,85,45,11000,25,2500
2022-12-31,55,10165,6990,362,12160,3175,3950
